@article{Adhikari:1986a,
    author = {Adhikari,Sadhan K. },
    title = {Quantum scattering in two dimensions},
    journal = {American Journal of Physics},
    volume = {54},
    number = {4},
    pages = {362-367},
    year = {1986},
    doi = {10.1119/1.14623},
    URL = {https://doi.org/10.1119/1.14623},
    eprint = {https://doi.org/10.1119/1.14623}
}

@article{Adhikari:1986b,
    author = {Adhikari,S. K.  and Gibson,W. G.  and Lim,T. K. },
    title = {Effective‚Äêrange theory in two dimensions},
    journal = {The Journal of Chemical Physics},
    volume = {85},
    number = {10},
    pages = {5580-5583},
    year = {1986},
    doi = {10.1063/1.451572},
    URL = {https://doi.org/10.1063/1.451572},
    eprint = {https://doi.org/10.1063/1.451572}
}

@article{Khuri:2008ib,
    author = "Khuri, N. N. and Martin, Andre and Richard, Jean-Marc and Wu, Tai Tsun",
    title = "{Low-energy potential scattering in two and three dimensions}",
    eprint = "0812.4054",
    archivePrefix = "arXiv",
    primaryClass = "math-ph",
    doi = "10.1063/1.3167803",
    journal = "J. Math. Phys.",
    volume = "50",
    pages = "072105",
    year = "2009"
}

@article{Galea:2017jhe,
    author = "Galea, Alexander and Zielinski, Tash and Gandolfi, Stefano and Gezerlis, Alexandros",
    title = "{Fermions in Two Dimensions: Scattering and Many-Body Properties}",
    eprint = "1705.09310",
    archivePrefix = "arXiv",
    primaryClass = "cond-mat.quant-gas",
    reportNumber = "LA-UR-17-24235",
    doi = "10.1007/s10909-017-1803-1",
    journal = "J. Low Temp. Phys.",
    volume = "189",
    number = "5-6",
    pages = "451--469",
    year = "2017"
}

